@article{lecunDeepLearning2015,
  title = {Deep Learning},
  author = {LeCun, Yann and Bengio, Yoshua and Hinton, Geoffrey},
  year = {2015},
  journal = {Nature},
  volume = {521},
  number = {7553},
  pages = {436--444},
  publisher = {{Nature Publishing Group}},
  annotation = {GSCC: 0058239}
}

@article{zhou2021,
  title = {{图神经网络驱动的交通预测技术：探索与挑战}},
  author = {周毅 and 胡姝婷 and 李伟 and 承楠 and 路宁 and 沈学民},
  year = {2021},
  journal = {物联网学报},
  volume = {5},
  number = {04},
  pages = {1--16},
  issn = {2096-3750},
  language={zh},
  keywords = {graph attention networks,graph neural networks,spatial-temporal correlation,survey,synchronous convolution,traffic prediction,交通预测,同步卷积,图注意力网络,图神经网络,时空相关性}
}
